@book{c++3,
  title = {The C++ Programming Language},
  author = {Bjarne Stroustrup},
  publisher = {Addison Wesley},
  year = {1997},
  edition = {3rd},
}

@misc{doxygen,
   title = {Doxygen Manual},
   year = {2005},
   howpublished = {\url{http://www.stack.nl/~dimitri/doxygen/manual.html}},
}

@book{foley,
   title = {Computer Graphics: Principles and Practice},
   publisher = {Addison Wesley},
   author = { J. D. Foley and A. van Dam and S. K. Feiner and J. F. Hughes},
   year = {1990},
   edition = {2nd}
}

@book{redbook,
  title = {OpenGL Programming Guide, The Official Guide to Learning OpenGL, Version 2},
  author = {Dave Shreiner and Mason Woo and Jackie Neider and Tom Davis},
  publisher = {Addison Wesley},
  year = {2005},
  edition = {5th},
}

@misc{opengl,
  title = {OpenGL Documentation Overview},
  year = {2005},
  howpublished = {\url{http://www.opengl.org/documentation/}},
}

@book{orangebook,
  title = {OpenGL Shading Language},
  edition = {2nd},
  author = {Randi J. Rost},
  year = {2006},
  publisher = {Addison Wesley}
}
